<?xml version="1.0" encoding="UTF-8"?><collection xmlns="http://www.loc.gov/MARC21/slim"><record><leader>00526nam--2200193-u-4500</leader><controlfield tag="001">000055659</controlfield><controlfield tag="002">20161230</controlfield><controlfield tag="005">20161230201052</controlfield><controlfield tag="008">130326s1000------------r-----000-0-fre-d</controlfield><datafield ind1=" " ind2=" " tag="040"><subfield code="a">IFIN-HH</subfield></datafield><datafield ind1=" " ind2=" " tag="041"><subfield code="a">fre</subfield></datafield><datafield ind1=" " ind2=" " tag="080"><subfield code="a">539.1</subfield></datafield><datafield ind1="1" ind2=" " tag="100"><subfield code="a">Berthelot, Andre</subfield></datafield><datafield ind1="1" ind2="0" tag="245"><subfield code="a">De l'atome a l'energie nucleaire</subfield><subfield code="b">Preface de f. joliot-curie</subfield><subfield code="c">Andre berthelot</subfield></datafield><datafield ind1=" " ind2=" " tag="260"><subfield code="a">Paris</subfield><subfield code="b">Editions Correa</subfield><subfield code="c">1947</subfield></datafield><datafield ind1=" " ind2=" " tag="300"><subfield code="a">235P</subfield></datafield><datafield ind1=" " ind2=" " tag="490"><subfield code="a">Les Grandes Decouvertes Scientifiques</subfield></datafield><datafield ind1=" " ind2=" " tag="852"><subfield code="a">2874</subfield><subfield code="c">H.H</subfield></datafield><datafield ind1=" " ind2=" " tag="CAT"><subfield code="a">Sys</subfield><subfield code="c">20130326</subfield><subfield code="h">154618</subfield></datafield></record></collection>